<?xml version="1.0" encoding="UTF-8"?><collection xmlns="http://www.loc.gov/MARC21/slim"><record><leader>00405nam--2200157-i-4500</leader><controlfield tag="001">000028465</controlfield><controlfield tag="002">20161230</controlfield><controlfield tag="005">20161230201037</controlfield><controlfield tag="008">060222s1000------------r-----000-0-eng-d</controlfield><datafield ind1=" " ind2=" " tag="080"><subfield code="a">515.14</subfield></datafield><datafield ind1=" " ind2=" " tag="245"><subfield code="a">Knot theory</subfield></datafield><datafield ind1=" " ind2=" " tag="260"><subfield code="a">Berlin, Springer-verlag, 1978, 311p</subfield></datafield><datafield ind1=" " ind2=" " tag="490"><subfield code="a">Leture Notes In Mathematics</subfield><subfield code="v">vol. 685</subfield></datafield><datafield ind1=" " ind2=" " tag="700"><subfield code="a">Hausmann, J.C</subfield></datafield><datafield ind1=" " ind2=" " tag="852"><subfield code="a">46901</subfield><subfield code="c">515/516</subfield></datafield><datafield ind1=" " ind2=" " tag="CAT"><subfield code="a">Sys</subfield><subfield code="c">20080613</subfield><subfield code="h">095449</subfield></datafield></record></collection>